@book{sakmann2013single,
  title={Single-channel recording},
  author={Sakmann, Bert},
  year={2013},
  publisher={Springer Science \& Business Media}
}
